@article{RN63,
   author = {Banks, Erika H and Chudnoff, Scott and Karmin, Ira and Wang, Cuiling and Pardanani, Setul},
   title = {Does a surgical simulator improve resident operative performance of laparoscopic tubal ligation?},
   journal = {American journal of obstetrics and gynecology},
   volume = {197},
   number = {5},
   pages = {541--e1},
   DOI = {10.1016/j.ajog.2007.07.028},
   year = {2007},
   type = {Journal Article}
}

@article{RN64,
   author = {Seymour, Neal E and Gallagher, Anthony G and Roman, Sanziana A and O’brien, Michael K and Bansal, Vipin K and Andersen, Dana K and Satava, Richard M},
   title = {Virtual reality training improves operating room performance: results of a randomized, double-blinded study},
   journal = {Annals of surgery},
   volume = {236},
   number = {4},
   pages = {458},
   DOI = {10.1097/01.SLA.0000028969.51489.B4},
   year = {2002},
   type = {Journal Article}
}

@article{RN42,
   author = {Alaker, M. and Wynn, G. R. and Arulampalam, T.},
   title = {Virtual reality training in laparoscopic surgery: A systematic review & meta-analysis},
   journal = {Int J Surg},
   volume = {29},
   pages = {85-94},
   ISSN = {1743-9159 (Electronic)
1743-9159 (Linking)},
   DOI = {10.1016/j.ijsu.2016.03.034},
   url = {https://www.ncbi.nlm.nih.gov/pubmed/26992652},
   year = {2016},
   type = {Journal Article}
}

@article{RN58,
   author = {Ayoub, A. and Pulijala, Y.},
   title = {The application of virtual reality and augmented reality in Oral & Maxillofacial Surgery},
   journal = {BMC Oral Health},
   volume = {19},
   number = {1},
   pages = {238},
   ISSN = {1472-6831 (Electronic)
1472-6831 (Linking)},
   DOI = {10.1186/s12903-019-0937-8},
   url = {https://www.ncbi.nlm.nih.gov/pubmed/31703708},
   year = {2019},
   type = {Journal Article}
}

@article{RN48,
   author = {B Douglas, David and A Wilke, Clifford and Gibson, David and F Petricoin, Emanuel and Liotta, Lance},
   title = {Virtual reality and augmented reality: Advances in surgery},
   journal = {Biology, Engineering and Medicine},
   volume = {3},
   number = {1},
   ISSN = {23999632},
   DOI = {10.15761/bem.1000131},
   year = {2017},
   type = {Journal Article}
}

@article{RN43,
   author = {Bashkanov, Oleksii and Saalfeld, Patrick and Gunasekaran, Hariharasudhan and Jabaraj, Mathews and Preim, Bernhard and Huber, Tobias and Hüttl, Florentine and Kneist, Werner and Hansen, Christian},
   title = {VR Multi-user Conference Room for Surgery Planning},
   journal = {surgery},
   volume = {6},
   pages = {7},
   type = {Journal Article}
}

@article{RN59,
   author = {Camp, C. L.},
   title = {Editorial Commentary: "Virtual Reality" Simulation in Orthopaedic Surgery: Realistically Helpful, or Virtually Useless?},
   journal = {Arthroscopy},
   volume = {34},
   number = {5},
   pages = {1678-1679},
   ISSN = {1526-3231 (Electronic)
0749-8063 (Linking)},
   DOI = {10.1016/j.arthro.2018.02.042},
   url = {https://www.ncbi.nlm.nih.gov/pubmed/29729767},
   year = {2018},
   type = {Journal Article}
}

@article{RN60,
   author = {Gallagher, A. G. and Ritter, E. M. and Champion, H. and Higgins, G. and Fried, M. P. and Moses, G. and Smith, C. D. and Satava, R. M.},
   title = {Virtual reality simulation for the operating room: proficiency-based training as a paradigm shift in surgical skills training},
   journal = {Ann Surg},
   volume = {241},
   number = {2},
   pages = {364-72},
   ISSN = {0003-4932 (Print)
0003-4932 (Linking)},
   DOI = {10.1097/01.sla.0000151982.85062.80},
   url = {https://www.ncbi.nlm.nih.gov/pubmed/15650649},
   year = {2005},
   type = {Journal Article}
}

@article{RN62,
   author = {Grantcharov, T. P. and Kristiansen, V. B. and Bendix, J. and Bardram, L. and Rosenberg, J. and Funch-Jensen, P.},
   title = {Randomized clinical trial of virtual reality simulation for laparoscopic skills training},
   journal = {Br J Surg},
   volume = {91},
   number = {2},
   pages = {146-50},
   ISSN = {0007-1323 (Print)
0007-1323 (Linking)},
   DOI = {10.1002/bjs.4407},
   url = {https://www.ncbi.nlm.nih.gov/pubmed/14760660},
   year = {2004},
   type = {Journal Article}
}

@article{RN45,
   author = {Kim, Y. and Kim, H. and Kim, Y. O.},
   title = {Virtual Reality and Augmented Reality in Plastic Surgery: A Review},
   journal = {Arch Plast Surg},
   volume = {44},
   number = {3},
   pages = {179-187},
   ISSN = {2234-6163 (Print)
2234-6163 (Linking)},
   DOI = {10.5999/aps.2017.44.3.179},
   url = {https://www.ncbi.nlm.nih.gov/pubmed/28573091},
   year = {2017},
   type = {Journal Article}
}

@article{RN61,
   author = {Larsen, C. R. and Soerensen, J. L. and Grantcharov, T. P. and Dalsgaard, T. and Schouenborg, L. and Ottosen, C. and Schroeder, T. V. and Ottesen, B. S.},
   title = {Effect of virtual reality training on laparoscopic surgery: randomised controlled trial},
   journal = {BMJ},
   volume = {338},
   pages = {b1802},
   ISSN = {1756-1833 (Electronic)
0959-8138 (Linking)},
   DOI = {10.1136/bmj.b1802},
   url = {https://www.ncbi.nlm.nih.gov/pubmed/19443914},
   year = {2009},
   type = {Journal Article}
}

@article{RN68,
   author = {Meara, John G. and Leather, Andrew J. M. and Hagander, Lars and Alkire, Blake C. and Alonso, Nivaldo and Ameh, Emmanuel A. and Bickler, Stephen W. and Conteh, Lesong and Dare, Anna J. and Davies, Justine and Mérisier, Eunice Dérivois and El-Halabi, Shenaaz and Farmer, Paul E. and Gawande, Atul and Gillies, Rowan and Greenberg, Sarah L. M. and Grimes, Caris E. and Gruen, Russell L. and Ismail, Edna Adan and Kamara, Thaim Buya and Lavy, Chris and Lundeg, Ganbold and Mkandawire, Nyengo C. and Raykar, Nakul P. and Riesel, Johanna N. and Rodas, Edgar and Rose, John and Roy, Nobhojit and Shrime, Mark G. and Sullivan, Richard and Verguet, Stéphane and Watters, David and Weiser, Thomas G. and Wilson, Iain H. and Yamey, Gavin and Yip, Winnie},
   title = {Global Surgery 2030: evidence and solutions for achieving health, welfare, and economic development},
   journal = {The Lancet},
   volume = {386},
   number = {9993},
   pages = {569-624},
   ISSN = {01406736},
   DOI = {10.1016/s0140-6736(15)60160-x},
   year = {2015},
   type = {Journal Article}
}

@article{RN52,
   author = {Parham, G. and Bing, E. G. and Cuevas, A. and Fisher, B. and Skinner, J. and Mwanahamuntu, M. and Sullivan, R.},
   title = {Creating a low-cost virtual reality surgical simulation to increase surgical oncology capacity and capability},
   journal = {Ecancermedicalscience},
   volume = {13},
   pages = {910},
   ISSN = {1754-6605 (Print)
1754-6605 (Linking)},
   DOI = {10.3332/ecancer.2019.910},
   url = {https://www.ncbi.nlm.nih.gov/pubmed/31123493},
   year = {2019},
   type = {Journal Article}
}

@inbook{RN6,
   author = {Pulijala, Yeshwanth and Ma, Minhua and Ayoub, Ashraf},
   title = {VR Surgery: Interactive Virtual Reality Application for Training Oral and Maxillofacial Surgeons using Oculus Rift and Leap Motion},
   booktitle = {Serious Games and Edutainment Applications},
   chapter = {Chapter 8},
   pages = {187-202},
   ISBN = {978-3-319-51643-1
978-3-319-51645-5},
   DOI = {10.1007/978-3-319-51645-5_8},
   year = {2017},
   type = {Book Section}
}

@article{RN46,
   author = {Pulijala, Y. and Ma, M. and Pears, M. and Peebles, D. and Ayoub, A.},
   title = {Effectiveness of Immersive Virtual Reality in Surgical Training-A Randomized Control Trial},
   journal = {J Oral Maxillofac Surg},
   volume = {76},
   number = {5},
   pages = {1065-1072},
   ISSN = {1531-5053 (Electronic)
0278-2391 (Linking)},
   DOI = {10.1016/j.joms.2017.10.002},
   url = {https://www.ncbi.nlm.nih.gov/pubmed/29104028},
   year = {2018},
   type = {Journal Article}
}

@article{RN57,
   author = {Pulijala, Y. and Ma, M. and Pears, M. and Peebles, D. and Ayoub, A.},
   title = {An innovative virtual reality training tool for orthognathic surgery},
   journal = {Int J Oral Maxillofac Surg},
   volume = {47},
   number = {9},
   pages = {1199-1205},
   ISSN = {1399-0020 (Electronic)
0901-5027 (Linking)},
   DOI = {10.1016/j.ijom.2018.01.005},
   url = {https://www.ncbi.nlm.nih.gov/pubmed/29398172},
   year = {2018},
   type = {Journal Article}
}

@article{RN2,
   author = {Schendel, S. A. and Jacobson, R.},
   title = {Three-dimensional imaging and computer simulation for office-based surgery},
   journal = {J Oral Maxillofac Surg},
   volume = {67},
   number = {10},
   pages = {2107-14},
   ISSN = {1531-5053 (Electronic)
0278-2391 (Linking)},
   DOI = {10.1016/j.joms.2009.04.111},
   url = {https://www.ncbi.nlm.nih.gov/pubmed/19761904},
   year = {2009},
   type = {Journal Article}
}

@article{RN65,
   author = {Testaverde, L. and Perrone, A. and Caporali, L. and Ermini, A. and Izzo, L. and D'Angeli, I. and Impara, L. and Mazza, D. and Izzo, P. and Marini, M.},
   title = {CT and MR findings in synovial chondromatosis of the temporo-mandibular joint: our experience and review of literature},
   journal = {Eur J Radiol},
   volume = {78},
   number = {3},
   pages = {414-8},
   ISSN = {1872-7727 (Electronic)
0720-048X (Linking)},
   DOI = {10.1016/j.ejrad.2009.11.015},
   url = {https://www.ncbi.nlm.nih.gov/pubmed/19969436},
   year = {2011},
   type = {Journal Article}
}

@article{RN53,
   author = {Weyhe, D. and Uslar, V. and Weyhe, F. and Kaluschke, M. and Zachmann, G.},
   title = {Immersive Anatomy Atlas-Empirical Study Investigating the Usability of a Virtual Reality Environment as a Learning Tool for Anatomy},
   journal = {Front Surg},
   volume = {5},
   pages = {73},
   ISSN = {2296-875X (Print)
2296-875X (Linking)},
   DOI = {10.3389/fsurg.2018.00073},
   url = {https://www.ncbi.nlm.nih.gov/pubmed/30560134},
   year = {2018},
   type = {Journal Article}
}

@article{RN49,
   author = {Yoo, J. S. and Patel, D. S. and Hrynewycz, N. M. and Brundage, T. S. and Singh, K.},
   title = {The utility of virtual reality and augmented reality in spine surgery},
   journal = {Ann Transl Med},
   volume = {7},
   number = {Suppl 5},
   pages = {S171},
   ISSN = {2305-5839 (Print)
2305-5839 (Linking)},
   DOI = {10.21037/atm.2019.06.38},
   url = {https://www.ncbi.nlm.nih.gov/pubmed/31624737},
   year = {2019},
   type = {Journal Article}
}

