% Encoding: UTF-8

@Article{casap2008computerized,
  author    = {Casap, Nardy and Wexler, Alon and Eliashar, Ron},
  title     = {Computerized navigation for surgery of the lower jaw: comparison of 2 navigation systems},
  journal   = {Journal of Oral and Maxillofacial Surgery},
  year      = {2008},
  volume    = {66},
  number    = {7},
  pages     = {1467--1475},
  publisher = {Elsevier},
}

@Article{swennen2009three,
  author    = {Swennen, Gwen RJ and Mollemans, Wouter and Schutyser, Filip},
  title     = {Three-dimensional treatment planning of orthognathic surgery in the era of virtual imaging},
  journal   = {Journal of oral and maxillofacial surgery},
  year      = {2009},
  volume    = {67},
  number    = {10},
  pages     = {2080--2092},
  publisher = {Elsevier},
}

@Article{bill1995stereolithography,
  author    = {Bill, Josip S and Reuther, J{\"u}rgen F and Dittmann, Werner and K{\"u}bler, Norbert and Meier, Josef L and Pistner, Hans and Wittenberg, G{\"u}nther},
  title     = {Stereolithography in oral and maxillofacial operation planning},
  journal   = {International journal of oral and maxillofacial surgery},
  year      = {1995},
  volume    = {24},
  number    = {1},
  pages     = {98--103},
  publisher = {Elsevier},
}

@Article{kim2017virtual,
  author    = {Kim, Youngjun and Kim, Hannah and Kim, Yong Oock},
  title     = {Virtual reality and augmented reality in plastic surgery: a review},
  journal   = {Archives of plastic surgery},
  year      = {2017},
  volume    = {44},
  number    = {3},
  pages     = {179},
  publisher = {Korean Society of Plastic and Reconstructive Surgeons},
}

@InProceedings{ter1977basic,
  author       = {Ter-Pogossian, Michel M},
  title        = {Basic principles of computed axial tomography},
  booktitle    = {Seminars in nuclear medicine},
  year         = {1977},
  volume       = {7},
  number       = {2},
  pages        = {109--127},
  organization = {Elsevier},
}

@Article{WINDER20051006,
  author  = {John Winder and Richard Bibb},
  title   = {Medical Rapid Prototyping Technologies: State of the Art and Current Limitations for Application in Oral and Maxillofacial Surgery},
  journal = {Journal of Oral and Maxillofacial Surgery},
  year    = {2005},
  volume  = {63},
  number  = {7},
  pages   = {1006 - 1015},
  issn    = {0278-2391},
  doi     = {https://doi.org/10.1016/j.joms.2005.03.016},
  url     = {http://www.sciencedirect.com/science/article/pii/S0278239105003381},
}

@Article{WHITE2008689,
  author  = {Stuart C. White and Michael J. Pharoah},
  title   = {The Evolution and Application of Dental Maxillofacial Imaging Modalities},
  journal = {Dental Clinics of North America},
  year    = {2008},
  volume  = {52},
  number  = {4},
  pages   = {689 - 705},
  issn    = {0011-8532},
  note    = {Contemporary Dental and Maxillofacial Imaging},
  doi     = {https://doi.org/10.1016/j.cden.2008.05.006},
  url     = {http://www.sciencedirect.com/science/article/pii/S0011853208000487},
}

@Article{langfitt1986computerized,
  author    = {Langfitt, Thomas W and Obrist, Walter D and Alavi, Abass and Grossman, Robert I and Zimmerman, Robert and Jaggi, Jurg and Uzzell, Barbara and Reivich, Martin and Patton, Dreux R},
  title     = {Computerized tomography, magnetic resonance imaging, and positron emission tomography in the study of brain trauma: preliminary observations},
  journal   = {Journal of neurosurgery},
  year      = {1986},
  volume    = {64},
  number    = {5},
  pages     = {760--767},
  publisher = {Journal of Neurosurgery Publishing Group},
}

@book{DICOMStandard,
  author         = {},
  editor         = {},
  title          = {Digital Imaging and Communications in Medicine (DICOM) Standard},
  publisher      = {National Electrical Manufacturers Association, Rosslyn, VA, USA},
  year           = {},
  howpublished   = "\url{http://www.dicomstandard.org/}",
}

@Article{HASSFELD20012,
title = "Computer assisted oral and maxillofacial surgery – a review and an assessment of technology",
journal = "International Journal of Oral and Maxillofacial Surgery",
volume = "30",
number = "1",
pages = "2 - 13",
year = "2001",
issn = "0901-5027",
doi = "https://doi.org/10.1054/ijom.2000.0024",
url = "http://www.sciencedirect.com/science/article/pii/S0901502700900249",
author = "Stefan Hassfeld and Joachim Mühling",
}

@book{burdea2003virtual,
  title={Virtual reality technology},
  author={Burdea, Grigore C and Coiffet, Philippe},
  year={2003},
  publisher={John Wiley \& Sons}
}

@ARTICLE{486713,
  author={J. M. {Rosen} and H. {Soltanian} and R. J. {Redett} and D. R. {Laub}},
  journal={IEEE Engineering in Medicine and Biology Magazine}, 
  title={Evolution of virtual reality [Medicine]}, 
  year={1996},
  volume={15},
  number={2},
  pages={16-22},
  }

  @article{mann1965evaluation,
  title={The evaluation and simulation of mobility aids for the blind},
  author={Mann, Robert W},
  journal={American Foundation Blind research Bulletin},
  number={11},
  pages={93--98},
  year={1965}
}

@article{schendel2009three,
  title={Three-dimensional imaging and computer simulation for office-based surgery},
  author={Schendel, Stephen A and Jacobson, Richard},
  journal={Journal of oral and maxillofacial surgery},
  volume={67},
  number={10},
  pages={2107--2114},
  year={2009},
  publisher={Elsevier}
}

@article{testaverde2011ct,
  title={CT and MR findings in synovial chondromatosis of the temporo-mandibular joint: our experience and review of literature},
  author={Testaverde, Lorenzo and Perrone, Anna and Caporali, Laura and Ermini, Antonella and Izzo, Luciano and D’Angeli, Ilaria and Impara, Luca and Mazza, Dario and Izzo, Paolo and Marini, Mario},
  journal={European journal of radiology},
  volume={78},
  number={3},
  pages={414--418},
  year={2011},
  publisher={Elsevier}
}